@misc{TiposDeAdaptaciones,
	author = {Fundación CADAH},
	title = {Tipos de adaptaciones curriculares individualizadas (A.C.I.)},
	year = {2012},
	howpublished = {\url{https://www.fundacioncadah.org/web/articulo/tipos-de-adaptaciones-curriculares-individualizadas.html}}
}

@misc{UsoPictos,
	title        = {El uso de los pictogramas},
	author		 = {Logopedia},
	howpublished = {\url{http://www.ponceleon.org/logopedia/index.php?option=com_content&view=article&id=110}},
	year		 = {2012}
}

@misc{SAACs,
	title = {¿\uppercase{Q}ué son los Sistemas Aumentativos y Alternativos de Comuniación (SAAC)?},
	author = {Carmen Basil},
	howpublished = {\url{https://aulaabierta.arasaac.org/wp-content/uploads/2017/04/que_son_los_saac.pdf}},
	year = {2017}
}

@article{ManualLecturaFacil,
	author	= {Óscar García Muñoz},
	title	= {Lectura fácil: Métodos de redacción y evaluación},
	webpage	= {https://www.plenainclusion.org/sites/default/files/lectura-facil-metodos.pdf},
	year	= {2012},
	volume	= {1}
}

@misc{SPC,
	title			= {Sistemas de signos},
	author			= {Consuelo Belloch},
	howpublished	= {\url{https://www.uv.es/bellochc/logopedia/NRTLogo8.wiki?7}},
	year			= {2014}
}

@misc{ApuntesDSU,
	author			= {Pablo Moreno and Guillermo Jiménez and Antonio Sánchez},
	title			= {Diseño de Sistemas Interactivos},
	year			= {2019},
	howpublished	= {}
}