@misc{SistemaEducativo,
	author = {Laura González}, 
	title = {¿\uppercase{C}ómo se organiza el sistema educativo español?},
	howpublished = {\url{https://www.emagister.com/blog/se-organiza-sistema-educativo-espanol/}},
	month = {8},
	year = {2020}
}