@misc{SUS,
	author = {Fabio Devin},
	title = {Sistema de Escalas de Usabilidad: ¿qué es y para qué sirve?},
	year = {2017},
	howpublished = {\url{https://uxpanol.com/teoria/sistema-de-escalas-de-usabilidad-que-es-y-para-que-sirve}}
}