@article{RevMetAgile,
	author = {Andrés Navarro Cadavid and Juan Daniel Fernández Martínez and Jonathan Morales Vélez},
	title = {Revisión de metodologías ágiles para el desarrollo de software},
	journal = {Prospectiva},
	pages = {30-32},
	volume = {11},
	webpage = {http://ojs.uac.edu.co/index.php/prospectiva/article/view/36},
	year = {2013}
}

@misc{JGReglasKanban,
	author = {Javier Garzas},
	title = {Kanban},
	year = {2011},
	howpublished = {\url{https://www.javiergarzas.com/2011/11/kanban.html}}
}

@mastersthesis{TFGNuria,
	author = {Nuria Gómez Rodríguez},
	title = {Las Pruebas de Integración como Proceso de la Calidad del Software en el Ámbito de las Telecomunicaciones},
	year = {2015},
	type = {{Proyecto de Fin de Carrera}},
	school = {Escuela Politécnica Superior Carlos III (Universidad Carlos III de Madrid)}
}